@inproceedings{huang2012,
author = {Eric H. Huang and Richard Socher and Christopher D. Manning and Andrew Y. Ng},
title = {{Improving Word Representations via Global Context and Multiple Word Prototypes}},
booktitle = {Annual Meeting of the Association for Computational Linguistics (ACL)},
year={2012}
}

@ARTICLE{ mikolovChen,
AUTHOR = "Tomas Mikolov and Kai Chen and Greg Corrado and Jeff Dean",
TITLE = {Efficient Estimation of Word Representations in Vector Space},
JOURNAL = "CoRR",
YEAR= {2013}
}

@inproceedings{mikolovYih,
  author = {Mikolov, Tomas and tau Yih, Wen and Zweig, Geoffrey},
  booktitle = {HLT-NAACL},
  pages = {746-751},
  publisher = {The Association for Computational Linguistics},
  title = {{Linguistic Regularities in Continuous Space Word Representations}},
  year={2013}
}

@incollection{NIPS2013_5165,
title = {{Learning word embeddings efficiently with noise-contrastive estimation}},
author = {Mnih, Andriy and Kavukcuoglu, Koray},
booktitle = {Advances in Neural Information Processing Systems 26},
editor = {C.J.C. Burges and L. Bottou and M. Welling and Z. Ghahramani and K.Q. Weinberger},
pages = {2265--2273},
year = {2013},
publisher = {Curran Associates, Inc.}
}

@INPROCEEDINGS{Turian10wordrepresentations,
author = {Joseph Turian and Lev Ratinov and Yoshua Bengio},
title = {{Word representations: A simple and general method for semisupervised learning}},
booktitle = {ACL},
year = {2010},
pages = {384--394}
}

@inproceedings{KrishnamurthyBXS12,
  author = {Krishnamurthy, Akshay and Balakrishnan, Sivaraman and Xu, Min and Singh, Aarti},
  booktitle = {ICML},
  title = {{Efficient Active Algorithms for Hierarchical Clustering}},
  year = {2012}
}

@inproceedings{ChiSZHT07,
  author = {Chi, Yun and Song, Xiaodan and Zhou, Dengyong and Hino, Koji and Tseng, Belle L.},
  booktitle = {KDD},
  date = {2007-08-23},
  pages = {153-162},
  publisher = {ACM},
  title = {{Evolutionary spectral clustering by incorporating temporal smoothness}},
  year = {2007}
}

@inproceedings{jingang13,
  author = {Jingang Wang and Dandan Song and Lejian Liao and Chin-Yew Lin},
  title = {{BIT} and {MSRA} at {TREC KBA CCR} Track 2013},
  booktitle = {Proceedings of the Twenty-Second Text REtrieval Conference (TREC 2013)},
  year = {2013}
}

@Article{GEW06a,
  author       = "Geurts, Pierre and Ernst, Damien and Wehenkel, Louis",
  title        = {{Extremely Randomized Trees}},
  journal      = "Machine Learning",
  pages        = "3-42",
  year         = "2006"
}

@ARTICLE{Arvind14,
  AUTHOR = "Arvind Neelakantan and Jeevan Shankar and Alexandre Passos and Andrew McCallum",
  TITLE = {{Efficient Non-parametric Estimation of Multiple Embeddings per Word in Vector Space}},
  JOURNAL = "EMNLP",
  YEAR= "2014"
}

@inproceedings{frank12,
  author = {John R. Frank and Max Kleiman-Weiner and Daniel A. Roberts and Feng Niu and Ce Zhang and Christopher R\'{e}},
  title = {{Building an Entity-Centric Stream Filtering Test Collection for TREC 2012}},
  booktitle = {Proceedings of the Twenty-First Text REtrieval Conference (TREC 2012)},
  year = {2012}
}

@inproceedings{xitong13,
  author = {Xitong Liu and Jerry Darko and Hui Fang},
  title = {{A Related Entity based Approach for Knowledge Base Acceleration}},
  booktitle = {Proceedings of the Twenty-Second Text REtrieval Conference (TREC 2013)},
  year = {2013}
}

@inproceedings{bouvier13,
  author = {Vincent Bouvier and Patrice Bellot},
  title = {{Filtering Entity Centric Documents using Numerics and Temporals features within RF Classifier}},
  booktitle = {Proceedings of the Twenty-Second Text REtrieval Conference (TREC 2013)},
  year = {2013}
}

@inproceedings{efron13,
  author = {Miles Efron and Craig Willis and Peter Organisciak and Brian Balsamo and Ana Lucic},
  title = {{The University of Illinois’ Graduate School of Library and Information Science at TREC 2013}},
  booktitle = {Proceedings of the Twenty-Second Text REtrieval Conference (TREC 2013)},
  year = {2013}
}

@inproceedings{zhang13,
  author = {Chunyun Zhang and Weiran Xu and Ruifang Liu and Weitai Zhang and Dai Zhang and Janshu Ji and Jing Yang},
  title = {{PRIS at TREC2013 Knowledge Base Acceleration Track}},
  booktitle = {Proceedings of the Twenty-Second Text REtrieval Conference (TREC 2013)},
  year = {2013}
}

@inproceedings{bellogin13,
  author = {Alejandro Bellog\'{i}n and Gebrekirstos G. Gebremeskel and Jiyin He and Jimmy Lin and Alan Said and Thaer Samar and Arjen P. de Vries and Jeroen B. P. Vuurens},
  title = {{CWI and TU Delft at TREC 2013: Contextual Suggestion, Federated Web Search, KBA, and Web Tracks}},
  booktitle = {Proceedings of the Twenty-Second Text REtrieval Conference (TREC 2013)},
  year = {2013}
}

@inproceedings{RaoMD10,
  author = {Rao, Delip and McNamee, Paul and Dredze, Mark},
  booktitle = {COLING (Posters)},
  pages = {1050-1058},
  title = {{Streaming Cross Document Entity Coreference Resolution}},
  year = {2010}
}

@InProceedings{choi2007,
  author    = {Choi, Yejin  and  Cardie, Claire},
  title     = {{Structured Local Training and Biased Potential Functions for Conditional Random Fields with Application to Coreference Resolution}},
  booktitle = {Human Language Technologies 2007: The Conference of the North American Chapter of the Association for Computational Linguistics; Proceedings of the Main Conference},
  year      = {2007},
  pages     = {65-72}
}

@ARTICLE{blei12,
  AUTHOR = "David Blei",
  TITLE = {Probabilistic topic models},
  JOURNAL = "Communications of the ACM",
  YEAR= "2012",
  PAGES= {77–84}
}

@INPROCEEDINGS{Caruana93multitasklearning,
  author = {Richard Caruana},
  title = {{Multitask Learning: A Knowledge-Based Source of Inductive Bias}},
  booktitle = {Proceedings of the Tenth International Conference on Machine Learning},
  year = {1993},
  pages = {41--48}
}

@incollection{Hinton87,
  AUTHOR = {G. E. Hinton and J. L. McClelland and D. E. Rumelhart},
  TITLE = {{Distributed Representations}},
  YEAR = 1987,
  BOOKTITLE = {Parallel Distributed Processing: Volume 1: Foundations},
  PAGES = {77-109}
}

@ARTICLE{Elman90findingstructure,
    author = {Jeffrey L. Elman},
    title = {{Finding structure in time}},
    journal = {COGNITIVE SCIENCE},
    year = {1990},
    pages = {179--211}
}

@inproceedings{gross_doucet_toivonen_trec12,
  author = {Oskar Gross and Antoine Doucet and Hannu Toivonen},
  title = {{Term Association Analysis for Named Entity Filtering}},
  booktitle = {Proceedings of the Twenty-First Text REtrieval Conference (TREC 2012)},
  year = {2012}
}

@article{Steinberger14,
  author    = {Ralf Steinberger},
  title     = {{A survey of methods to ease the development of highly multilingual text mining applications}},
  journal   = {CoRR},
  year      = {2014}
}

@inproceedings{KBP11,
 author = {Ji, Heng and Grishman, Ralph},
 title = {{Knowledge Base Population: Successful Approaches and Challenges}},
 booktitle = {Proceedings of the 49th Annual Meeting of the Association for Computational Linguistics: Human Language Technologies - Volume 1},
 year = {2011},
 pages = {1148--1158}
} 

@inproceedings{HLTCOE12,
  author = {Brian Kjersten and Paul McNamee},
  title = {{THE HLTCOE APPROACH TO THE TREC 2012 KBA TRACK}},
  booktitle = {Proceedings of the Twenty-First Text REtrieval Conference (TREC 2012)},
  year = {2012}
}

@inproceedings{xitong12,
  author = {Xitong Liu and Hui Fang},
  title = {{Entity Profile based Approach in Automatic Knowledge Finding}},
  booktitle = {Proceedings of the Twenty-First Text REtrieval Conference (TREC 2012)},
  year = {2012}
}

@Inproceedings {gamon,
author       = {Michael Gamon},
title        = {{Graph-Based text Representation for Novelty Detection}},
year         = {2006},
booktitle    = {Proceedings of TextGraphs: the First Workshop on Graph Based Methods for Natural Language Processing}
}

@inproceedings{InouyeRD14,
  author    = {David Inouye and Pradeep D. Ravikumar and Inderjit S. Dhillon},
  title     = {Admixture of Poisson MRFs: {A} Topic Model with Word Dependencies},
  booktitle = {Proceedings of the 31th International Conference on Machine Learning,
               {ICML} 2014, Beijing, China, 21-26 June 2014},
  year      = {2014},
  pages     = {683--691}
}

@article{AlsakranCLZYDL12,
  author = {Alsakran, Jamal and Chen, Yang and Luo, Dongning and Zhao, Ye and 0001, Jing Yang and Dou, Wenwen and Liu, Shixia},
  journal = {IEEE Computer Graphics and Applications},
  pages = {34-45},
  title = {Real-Time Visualization of Streaming Text with a Force-Based Dynamic System},
  year = 2012
}





