@inproceedings{huang2012,
author = {Eric H. Huang and Richard Socher and Christopher D. Manning and Andrew Y. Ng},
title = {{Improving Word Representations via Global Context and Multiple Word Prototypes}},
booktitle = {Annual Meeting of the Association for Computational Linguistics (ACL)},
year={2012}
}

@ARTICLE{ mikolovChen,
AUTHOR = "Tomas Mikolov and Kai Chen and Greg Corrado and Jeff Dean",
TITLE = "Efficient Estimation of Word Representations in Vector Space",
JOURNAL = "CoRR",
YEAR= {2013}
}

@inproceedings{mikolovYih,
  author = {Mikolov, Tomas and tau Yih, Wen and Zweig, Geoffrey},
  booktitle = {HLT-NAACL},
  pages = {746-751},
  publisher = {The Association for Computational Linguistics},
  title = {Linguistic Regularities in Continuous Space Word Representations.},
  year={2013}
}

@incollection{NIPS2013_5165,
title = {Learning word embeddings efficiently with noise-contrastive estimation},
author = {Mnih, Andriy and Kavukcuoglu, Koray},
booktitle = {Advances in Neural Information Processing Systems 26},
editor = {C.J.C. Burges and L. Bottou and M. Welling and Z. Ghahramani and K.Q. Weinberger},
pages = {2265--2273},
year = {2013},
publisher = {Curran Associates, Inc.}
}

@INPROCEEDINGS{Turian10wordrepresentations,
author = {Joseph Turian and Lev Ratinov and Yoshua Bengio},
title = {Word representations: A simple and general method for semisupervised learning},
booktitle = {ACL},
year = {2010},
pages = {384--394}
}

@inproceedings{KrishnamurthyBXS12,
  author = {Krishnamurthy, Akshay and Balakrishnan, Sivaraman and Xu, Min and Singh, Aarti},
  booktitle = {ICML},
  title = {Efficient Active Algorithms for Hierarchical Clustering.},
  year = {2012}
}

@inproceedings{ChiSZHT07,
  author = {Chi, Yun and Song, Xiaodan and Zhou, Dengyong and Hino, Koji and Tseng, Belle L.},
  booktitle = {KDD},
  date = {2007-08-23},
  pages = {153-162},
  publisher = {ACM},
  title = {Evolutionary spectral clustering by incorporating temporal smoothness.},
  year = {2007}
}
